% Artykuł w recenzowanym czasopiśmie. 
@article{szczypiorski2015,
author    = "Szczypiorski, K. and Janicki, A. and Wendzel, S",
title     = "{T}he {G}ood, {T}he {B}ad {A}nd {T}he {U}gly: {E}valuation of {W}i-{F}i {S}teganography",
journal   = "Journal of Communications",
volume    = "10",
number    = "10",
pages     = "747--752",
publisher = "Journal of Communications (JCM)",
year      = "2015",
}

% Książka. 
@book{goossens93,
    author    = "Michel Goossens and Frank Mittelbach and Alexander Samarin",
    title     = "The LaTeX Companion",
    publisher = "Addison-Wesley",
    address   = "Reading, Massachusetts",
    year      = "1993",
}

% Fragment książki (np. zakres stron). 
@inbook{wang97,
    author      = "Hao Wang",
    title       = "A Logical Journey: From G{\"o}del to Philosophy.",
    publisher   = "A Bradford Book",
    pages       = "316",
    year        = "1997"
}

% Fragment książki (np. esej), posiadający własny tytuł. 
@incollection{goedel95,
    author      = "Kurt G{\"o}del",
    title       = "Texts relating to the ontological proof",
    booktitle   = "Unpublished Essays and Lectures",
    publisher   = "Oxford University Press",
    pages       = "429--437",
    year        = "1995",
}

% Publikacja konferencyjna. 
@inproceedings{benzmuller2014,
author       = "{Ch}. Benzmuller and B. W. Paleo",
title        = "Automating {G\"o}del’s {O}ntological {P}roof of {G}od’s {E}xistence with {H}igher-order {A}utomated {T}heorem {P}rovers",
booktitle    = "European	Conference on Artificial Intelligence",
publisher    = "IOS Press",
howpublished = "Dostęp zdalny (10.04.2019): \url{http://page.mi.fu-berlin.de/cbenzmueller/papers/C40.pdf}",
year         = "2014",
}

% Raport techniczny. 
@techreport{duqu2011,
author      = "Bencsáth, B. and Pék, G. and Buttyán, L. and Félegyházi M.",
title       = "{D}uqu: {A} {S}tuxnet-like malware found in the wild",
institution = "Laboratory of Cryptography and System Security, Hungary",
year        = "2011"
}

% Specyfikacja techniczna. 
@manual{shs2015,
title        = "{FIPS} 180-4: {S}ecure {H}ash {S}tandard ({SHS})",
howpublished = "Dostęp zdalny (13.03.2019): \url{https://nvlpubs.nist.gov/nistpubs/FIPS/NIST.FIPS.180-4.pdf}",
year         = "2015"
}

% Praca magisterska. 
@mastersthesis{wozniak2018,
author = "Woźniak, Piotr",
title  = "{P}rogramowanie kwadratowe w usuwaniu efektu rozmycia ruchu w fotografii cyfrowej",
school  = "Wydział Elektroniki i Technik Informacyjnych, Politechnika Warszawska",
year   = "2018",
}

% Nieopublikowany artykuł, dostępny np. tylko w internecie. 
@unpublished{koons2005,
author = "Koons, Robert C.",
title  = "{S}obel on {G\"o}del’s {O}ntological {P}roof",
note   = "Dostęp zdalny (25.04.2019): \url{http://www.robkoons.net/media/69b0dd04a9d2fc6dffff80b4ffffd524.pdf}",
year   = "2005"
}

% Źródło innego typu, np. repozytorium na GitHubie. 
@misc{dcp19,
author       = "Brodzki, Artur M.",
title        = "{I}mplementation of own steganography protocol {DCP}-19, loosely based on {HICCUPS}",
howpublished = "Dostęp zdalny (14.03.2019): \url{https://github.com/ArturB/DCP-19}",
year         = "2019"
}


%%%%%%%%%%%%%%%%%%%%%%%%%%%%
@article{Riloff2013,
    author = {Riloff, Ellen and Qadir, A. and Surve, P. and Silva, L. and Gilbert, N. and Huang, R.},
    year = {2013},
    month = {01},
    pages = {704-714},
    title = {Sarcasm as contrast between a positive sentiment and negative situation},
    journal = {Proceedings of EMNLP}
}

@inproceedings{Baziotis2018,
    author = {Baziotis, Christos and Nikolaos, Athanasiou and Papalampidi, Pinelopi and Kolovou, Athanasia and Paraskevopoulos, Georgios and Ellinas, Nikolaos and Potamianos, Alexandros},
    year = {2018},
    month = {01},
    pages = {613-621},
    title = {NTUA-SLP at SemEval-2018 Task 3: Tracking Ironic Tweets using Ensembles of Word and Character Level Attentive RNNs},
    doi = {10.18653/v1/S18-1100}
}

@inproceedings{Huang2017,
    author = {Huang, Yu-Hsiang and Huang, Hen-Hsen and Chen, Hsin-Hsi},
    year = {2017},
    month = {04},
    pages = {534-540},
    title = {Irony Detection with Attentive Recurrent Neural Networks},
    isbn = {978-3-319-56607-8},
    doi = {10.1007/978-3-319-56608-5_45}
}

@unknown{Ilic2018,
    author = {Ilic, Suzana and Marrese-Taylor, Edison and Balazs, Jorge and Matsuo, Yutaka},
    year = {2018},
    month = {09},
    pages = {},
    title = {Deep contextualized word representations for detecting sarcasm and irony}
}

@inproceedings{Ling2016,
    author = {Ling, Jennifer and Klinger, Roman},
    year = {2016},
    month = {05},
    pages = {203-216},
    title = {An Empirical, Quantitative Analysis of the Differences Between Sarcasm and Irony},
    volume = {9989},
    isbn = {978-3-319-47601-8},
    doi = {10.1007/978-3-319-47602-5_39}
}

@inproceedings{Pennington2014,
    author = {Pennington, Jeffrey and Socher, Richard and Manning, Christoper},
    year = {2014},
    month = {01},
    pages = {1532-1543},
    title = {Glove: Global Vectors for Word Representation},
    volume = {14},
    journal = {EMNLP},
    doi = {10.3115/v1/D14-1162}
}

% PHD
@phdthesis{Radziszewski2012,
    author = "Radziszewski, Adam",
    title  = "Metody znakowania morfosyntaktycznego i automatycznej płytkiej analizy składniowej języka polskiego",
    school  = "Wydział Informatyki i Zarządzania, Politechnika Wrocławska",
    year   = "2012",
}


@misc{ironia_typy,
    howpublished = "http://blog.flocabulary.com/definitions-and-examples-of-irony-in-literature/",
}

@misc{ironia_typy2,
    howpublished = "http://typesofirony.com/the-3-types-of-irony/ "
}


@misc{Emb_def,
    howpublished = "https://en.wikipedia.org/wiki/Word\_embedding"
}

@misc{Cooos_def,
    howpublished = "https://pathmind.com/wiki/glossary\#cosine"
}

@article{Mikolov2013,
    author = {Mikolov, Tomas and Sutskever, Ilya and Chen, Kai and Corrado, G.s and Dean, Jeffrey},
    year = {2013},
    month = {10},
    pages = {},
    title = {Distributed Representations of Words and Phrases and their Compositionality},
    volume = {26},
    journal = {Advances in Neural Information Processing Systems}
}

@article{Bojanowski2016,
    author = {Bojanowski, Piotr and Grave, Edouard and Joulin, Armand and Mikolov, Tomas},
    year = {2016},
    month = {07},
    pages = {},
    title = {Enriching Word Vectors with Subword Information},
    volume = {5},
    journal = {Transactions of the Association for Computational Linguistics},
    doi = {10.1162/tacl_a_00051}
}


@inproceedings{Gardner2017AllenNLP,
    title={AllenNLP: A Deep Semantic Natural Language Processing Platform},
    author={Matt Gardner and Joel Grus and Mark Neumann and Oyvind Tafjord
            and Pradeep Dasigi and Nelson F. Liu and Matthew Peters and
            Michael Schmitz and Luke S. Zettlemoyer},
    year={2017},
    Eprint = {arXiv:1803.07640},
}


@misc{postags_def,
    howpublished = "\url{https://medium.com/@gianpaul.r/tokenization-and-parts-of-speech-pos-tagging-in-pythons-nltk-library-2d30f70af13b}"
}


@misc{acct_func,
    howpublished = "https://en.wikipedia.org/wiki/Activation\_function"
}

@misc{dense_2,
    howpublished = "https://www.fuw.edu.pl/~jarekz/SIECI/wyklad3.pdf "
}

@misc{dense_1,
    howpublished = "http://zsi.tech.us.edu.pl/~nowak/si/SI\_w4.pdf "
}

@misc{cnn_1,
    howpublished = "\url{https://towardsdatascience.com/text-classification-rnns-or-cnn-s-98c86a0dd361}"
}


@misc{cnn_2,
    howpublished = "\url{https://towardsdatascience.com/a-comprehensive-guide-to-convolutional-neural-networks-the-eli5-way-3bd2b1164a53}"
}
@misc{cnn_3,
    howpublished = "\url{http://www.wildml.com/2015/11/understanding-convolutional-neural-networks-for-nlp/}"
}


@misc{pooling_1,
    howpublished = "https://www.quora.com/What-is-pooling-in-a-convolutional-neural-network"
}

@misc{pooling_2,
    howpublished = "https://www.quora.com/What-is-max-pooling-in-convolutional-neural-networks"
}

 

 


@misc{RNN_1,
    howpublished = "\url{http://colah.github.io/posts/2015-08-Understanding-LSTMs/}"
}
@misc{RNN_2,
    howpublished = "\url{https://towardsdatascience.com/illustrated-guide-to-recurrent-neural-networks-79e5eb8049c9}"
}
@misc{LSTM_1,
    howpublished = "\url{https://towardsdatascience.com/illustrated-guide-to-lstms-and-gru-s-a-step-by-step-explanation-44e9eb85bf21}"
}
 

@misc{BI_LSTM_1,
    howpublished = "\url{https://medium.com/@raghavaggarwal0089/bi-lstm-bc3d68da8bd0}"
}


 

 

 

@misc{metryki_1,
    howpublished = "\url{https://developers.google.com/machine-learning/crash-course/classification/precision-and-recall}"
}
@misc{metryki_2,
    howpublished = "\url{https://blog.exsilio.com/all/accuracy-precision-recall-f1-score-interpretation-of-performance-measures/}"
}
@misc{metryki_3,
    howpublished = "\url{https://towardsdatascience.com/accuracy-precision-recall-or-f1-331fb37c5cb9}"
}

@InProceedings{one_more_source_to_lit,
author="Dimovska, Jona
and Angelovska, Marina
and Gjorgjevikj, Dejan
and Madjarov, Gjorgji",
editor="Kalajdziski, Slobodan
and Ackovska, Nevena",
title="Sarcasm and Irony Detection in English Tweets",
booktitle="ICT Innovations 2018. Engineering and Life Sciences",
year="2018",
publisher="Springer International Publishing",
address="Cham",
pages="120--131",
isbn="978-3-030-00825-3"
}


@misc{XXXX,
    howpublished = ""
}